<record><leader>00000cas a22000007a 4500</leader><controlfield tag="001">28642011</controlfield><controlfield tag="008">930817d19551958ctuwr ne      0    0eng d</controlfield><datafield ind1=" " ind2=" " tag="010"><subfield code="a">sn 93054089 </subfield></datafield><datafield ind1=" " ind2=" " tag="040"><subfield code="a">CNW</subfield><subfield code="b">eng</subfield><subfield code="c">CNW</subfield><subfield code="d">OCLCQ</subfield><subfield code="d">OCLCF</subfield><subfield code="d">OCLCO</subfield></datafield><datafield ind1="1" ind2=" " tag="029"><subfield code="a">AU@</subfield><subfield code="b">000025908421</subfield></datafield><datafield ind1=" " ind2=" " tag="042"><subfield code="a">msc</subfield></datafield><datafield ind1=" " ind2=" " tag="043"><subfield code="a">n-us-ct</subfield><subfield code="a">n-us-ma</subfield></datafield><datafield ind1="0" ind2=" " tag="130"><subfield code="a">Jewish ledger (Hartford, Conn. : 1955)</subfield></datafield><datafield ind1="1" ind2="4" tag="245"><subfield code="a">The Jewish ledger.</subfield></datafield><datafield ind1=" " ind2=" " tag="260"><subfield code="a">Hartford, Conn. :</subfield><subfield code="b">Jewish Ledger Publications</subfield></datafield><datafield ind1=" " ind2=" " tag="300"><subfield code="a">v.</subfield></datafield><datafield ind1=" " ind2=" " tag="310"><subfield code="a">Weekly</subfield></datafield><datafield ind1="0" ind2=" " tag="362"><subfield code="a">Vol. 27, no. 16 (July 14, 1955)-v. 30, no. 13 (June 19, 1958).</subfield></datafield><datafield ind1=" " ind2=" " tag="530"><subfield code="a">Available on microfilm from American Jewish Periodicals Center.</subfield></datafield><datafield ind1=" " ind2=" " tag="580"><subfield code="a">Combines Hartford, New Haven, Bridgeport and Springfield eds.</subfield></datafield><datafield ind1=" " ind2="0" tag="650"><subfield code="a">Jewish newspapers</subfield><subfield code="z">Connecticut.</subfield></datafield><datafield ind1=" " ind2="0" tag="650"><subfield code="a">Jewish newspapers</subfield><subfield code="z">Massachusetts.</subfield></datafield><datafield ind1=" " ind2="0" tag="651"><subfield code="a">Hartford (Conn.)</subfield><subfield code="v">Newspapers.</subfield></datafield><datafield ind1=" " ind2="0" tag="651"><subfield code="a">New Haven (Conn.)</subfield><subfield code="v">Newspapers.</subfield></datafield><datafield ind1=" " ind2="0" tag="651"><subfield code="a">Bridgeport (Conn.)</subfield><subfield code="v">Newspapers.</subfield></datafield><datafield ind1=" " ind2="0" tag="651"><subfield code="a">Springfield (Mass.)</subfield><subfield code="v">Newspapers.</subfield></datafield><datafield ind1=" " ind2="7" tag="655"><subfield code="a">Newspapers.</subfield><subfield code="2">fast</subfield><subfield code="0">(OCoLC)fst01423814</subfield></datafield><datafield ind1=" " ind2="7" tag="650"><subfield code="a">Jewish newspapers.</subfield><subfield code="2">fast</subfield><subfield code="0">(OCoLC)fst00982872</subfield></datafield><datafield ind1=" " ind2="7" tag="651"><subfield code="a">Connecticut.</subfield><subfield code="2">fast</subfield><subfield code="0">(OCoLC)fst01205688</subfield></datafield><datafield ind1=" " ind2="7" tag="651"><subfield code="a">Connecticut</subfield><subfield code="z">Bridgeport.</subfield><subfield code="2">fast</subfield><subfield code="0">(OCoLC)fst01209541</subfield></datafield><datafield ind1=" " ind2="7" tag="651"><subfield code="a">Connecticut</subfield><subfield code="z">Hartford.</subfield><subfield code="2">fast</subfield><subfield code="0">(OCoLC)fst01207441</subfield></datafield><datafield ind1=" " ind2="7" tag="651"><subfield code="a">Connecticut</subfield><subfield code="z">New Haven.</subfield><subfield code="2">fast</subfield><subfield code="0">(OCoLC)fst01206280</subfield></datafield><datafield ind1=" " ind2="7" tag="651"><subfield code="a">Massachusetts.</subfield><subfield code="2">fast</subfield><subfield code="0">(OCoLC)fst01204307</subfield></datafield><datafield ind1=" " ind2="7" tag="651"><subfield code="a">Massachusetts</subfield><subfield code="z">Springfield.</subfield><subfield code="2">fast</subfield><subfield code="0">(OCoLC)fst01205519</subfield></datafield><datafield ind1=" " ind2=" " tag="752"><subfield code="a">United States</subfield><subfield code="b">Connecticut</subfield><subfield code="c">Hartford</subfield><subfield code="d">Hartford.</subfield></datafield><datafield ind1="1" ind2="4" tag="780"><subfield code="t">Jewish ledger (Hartford, Conn. : Hartford ed.)</subfield><subfield code="w">(DLC)sn 93054087</subfield><subfield code="w">(OCoLC)28641987</subfield></datafield><datafield ind1="1" ind2="4" tag="780"><subfield code="t">Jewish ledger (Hartford, Conn. : New Haven ed.)</subfield><subfield code="w">(DLC)sn 93054088</subfield><subfield code="w">(OCoLC)28641910</subfield></datafield><datafield ind1="1" ind2="4" tag="780"><subfield code="t">Jewish ledger (Hartford, Conn. : Bridgeport ed.)</subfield><subfield code="w">(DLC)sn 93062971</subfield><subfield code="w">(OCoLC)29440368</subfield></datafield><datafield ind1="1" ind2="4" tag="780"><subfield code="t">Jewish ledger (Hartford, Conn. : Springfield ed.)</subfield></datafield><datafield ind1="0" ind2="0" tag="785"><subfield code="t">Connecticut Jewish ledger (Hartford, Conn.)</subfield><subfield code="w">(DLC)sn 92051406</subfield><subfield code="w">(OCoLC)26750033</subfield></datafield></record>